<?xml version="1.0" encoding="UTF-8" standalone="no"?><searchRetrieveResponse xmlns="http://www.loc.gov/zing/srw/">
    <version>1.2</version>
    <numberOfRecords>1</numberOfRecords>
    <records>
      <record>
        <recordSchema>marcxml</recordSchema>
        <recordPacking>xml</recordPacking>
        <recordData>
          <record xmlns="http://www.loc.gov/MARC21/slim">
            <leader>02467cas a2200517 a 4500</leader>
            <controlfield tag="001">998574693506421</controlfield>
            <controlfield tag="005">20221216102936.0</controlfield>
            <controlfield tag="008">940113c18839999dcuwn p       0   a0eng d</controlfield>
            <datafield ind1=" " ind2=" " tag="010">
              <subfield code="a">17024346 //r862</subfield>
            </datafield>
            <datafield ind1=" " ind2=" " tag="019">
              <subfield code="a">3638006</subfield>
              <subfield code="a">12333704</subfield>
              <subfield code="a">53849218</subfield>
              <subfield code="a">516785848</subfield>
              <subfield code="a">818817037</subfield>
            </datafield>
            <datafield ind1="0" ind2=" " tag="022">
              <subfield code="a">0036-8075</subfield>
            </datafield>
            <datafield ind1=" " ind2=" " tag="035">
              <subfield code="a">(CStRLIN)NJPG94-S192</subfield>
            </datafield>
            <datafield ind1=" " ind2=" " tag="035">
              <subfield code="a">(NjP)857469-princetondb</subfield>
            </datafield>
            <datafield ind1=" " ind2=" " tag="035">
              <subfield code="z">(OCoLC)3638006</subfield>
              <subfield code="z">(OCoLC)12333704</subfield>
              <subfield code="z">(OCoLC)53849218</subfield>
              <subfield code="z">(OCoLC)516785848</subfield>
              <subfield code="z">(OCoLC)818817037</subfield>
            </datafield>
            <datafield ind1=" " ind2=" " tag="035">
              <subfield code="a">(OCoLC)on1266169883</subfield>
            </datafield>
            <datafield ind1=" " ind2=" " tag="035">
              <subfield code="z">(NjP)Voyager857469</subfield>
            </datafield>
            <datafield ind1=" " ind2=" " tag="040">
              <subfield code="a">MnMULS</subfield>
              <subfield code="b">eng</subfield>
              <subfield code="c">MnMULS</subfield>
              <subfield code="d">NjP</subfield>
            </datafield>
            <datafield ind1="0" ind2=" " tag="130">
              <subfield code="a">Science (Cambridge, Mass.)</subfield>
            </datafield>
            <datafield ind1=" " ind2="0" tag="222">
              <subfield code="a">Science</subfield>
              <subfield code="b">(Washington, D.C.)</subfield>
            </datafield>
            <datafield ind1="0" ind2="0" tag="245">
              <subfield code="a">Science.</subfield>
            </datafield>
            <datafield ind1="1" ind2="3" tag="246">
              <subfield code="a">Science magazine</subfield>
            </datafield>
            <datafield ind1=" " ind2=" " tag="260">
              <subfield code="a">Cambridge, Mass. :</subfield>
              <subfield code="b">M. King,</subfield>
              <subfield code="c">1883-</subfield>
            </datafield>
            <datafield ind1=" " ind2=" " tag="300">
              <subfield code="a">v. :</subfield>
              <subfield code="b">ill. ;</subfield>
              <subfield code="c">26-32 cm.</subfield>
            </datafield>
            <datafield ind1=" " ind2=" " tag="310">
              <subfield code="a">Weekly (except last week in Dec.)</subfield>
            </datafield>
            <datafield ind1="0" ind2=" " tag="362">
              <subfield code="a">[Vol. 1], no. 1 (Feb. 9, 1883)-v. 23, no. 581 (Mar. 23, 1894) ; new ser., v. 1, no. 1 (Jan. 4, 1895)-</subfield>
            </datafield>
            <datafield ind1=" " ind2=" " tag="500">
              <subfield code="a">Since Jan. 1901, includes the official proceedings and most of the papers of the American Association for the Advancement of Science.</subfield>
            </datafield>
            <datafield ind1=" " ind2=" " tag="500">
              <subfield code="a">Place of publication varies.</subfield>
            </datafield>
            <datafield ind1=" " ind2=" " tag="580">
              <subfield code="a">Vols. for 1911-1913 contain: the Proceedings of the Helminthological Society of Washington, 1st-15th meeting.</subfield>
            </datafield>
            <datafield ind1=" " ind2=" " tag="588">
              <subfield code="a">Title from caption.</subfield>
            </datafield>
            <datafield ind1=" " ind2="0" tag="650">
              <subfield code="a">Science</subfield>
              <subfield code="v">Periodicals.</subfield>
              <subfield code="0">http://id.loc.gov/authorities/subjects/sh85118580</subfield>
            </datafield>
            <datafield ind1=" " ind2="7" tag="655">
              <subfield code="a">Periodicals.</subfield>
              <subfield code="2">lcgft</subfield>
              <subfield code="0">http://id.loc.gov/authorities/genreForms/gf2014026139</subfield>
            </datafield>
            <datafield ind1="2" ind2=" " tag="710">
              <subfield code="a">American Association for the Advancement of Science.</subfield>
              <subfield code="0">http://id.loc.gov/authorities/names/n79053772</subfield>
            </datafield>
            <datafield ind1="0" ind2=" " tag="770">
              <subfield code="t">Guide to scientific instruments</subfield>
              <subfield code="x">0533-5426</subfield>
            </datafield>
            <datafield ind1="0" ind2=" " tag="770">
              <subfield code="t">AAAS observer</subfield>
              <subfield code="g">Sept. 1988-Nov. 1989</subfield>
            </datafield>
            <datafield ind1="1" ind2=" " tag="777">
              <subfield code="a">Helminthological Society of Washington.</subfield>
              <subfield code="t">Proceedings of the Helminthological Society of Washington</subfield>
              <subfield code="x">0018-0130</subfield>
            </datafield>
            <datafield ind1="0" ind2="0" tag="780">
              <subfield code="t">Science (New York, N.Y.)</subfield>
              <subfield code="x">0036-8075</subfield>
            </datafield>
            <datafield ind1="0" ind2="5" tag="780">
              <subfield code="t">Scientific monthly</subfield>
              <subfield code="g">Jan.1985</subfield>
              <subfield code="x">0096-3771</subfield>
            </datafield>
            <datafield ind1="0" ind2=" " tag="852">
              <subfield code="b">f</subfield>
              <subfield code="h">Q1</subfield>
              <subfield code="i">.S3543</subfield>
              <subfield code="p">977105</subfield>
              <subfield code="x">reclassed from: 8001.846</subfield>
            </datafield>
            <datafield ind1="0" ind2=" " tag="852">
              <subfield code="b">f</subfield>
              <subfield code="t">2</subfield>
              <subfield code="h">Q1</subfield>
              <subfield code="i">.S3543</subfield>
              <subfield code="p">977093</subfield>
              <subfield code="x">reclassed from: 8001.846</subfield>
            </datafield>
            <datafield ind1="0" ind2=" " tag="852">
              <subfield code="b">f</subfield>
              <subfield code="t">3</subfield>
              <subfield code="h">Q1</subfield>
              <subfield code="i">.S3543</subfield>
              <subfield code="p">977106</subfield>
              <subfield code="x">reclassed from: 8001.846</subfield>
            </datafield>
            <datafield ind1="4" ind2=" " tag="856">
              <subfield code="u">http://catalog.hathitrust.org/Record/008883092</subfield>
            </datafield>
            <datafield ind1=" " ind2=" " tag="911">
              <subfield code="a">19950330</subfield>
            </datafield>
            <datafield ind1=" " ind2=" " tag="912">
              <subfield code="a">20000315045448.0</subfield>
            </datafield>
            <datafield ind1=" " ind2=" " tag="914">
              <subfield code="a">(OCoLC)on1266169883</subfield>
              <subfield code="b">OCoLC</subfield>
              <subfield code="c">match</subfield>
              <subfield code="d">11172022</subfield>
              <subfield code="e">processed</subfield>
              <subfield code="f">1266169883</subfield>
            </datafield>
            <datafield ind1=" " ind2=" " tag="919">
              <subfield code="a">(OCoLC)ocm05933538</subfield>
            </datafield>
            <datafield ind1=" " ind2=" " tag="948">
              <subfield code="a">S-RECON</subfield>
            </datafield>
            <datafield ind1=" " ind2=" " tag="998">
              <subfield code="a">03/24/95</subfield>
              <subfield code="s">9114</subfield>
              <subfield code="n">NjP</subfield>
              <subfield code="w">DCLC1724346S</subfield>
              <subfield code="d">01/13/94</subfield>
              <subfield code="c">LRP</subfield>
              <subfield code="b">SZF</subfield>
              <subfield code="i">950324</subfield>
              <subfield code="l">NJPG</subfield>
            </datafield>
            <datafield ind1=" " ind2=" " tag="AVA">
              <subfield code="0">998574693506421</subfield>
              <subfield code="8">22579835820006421</subfield>
              <subfield code="a">01PRI_INST</subfield>
              <subfield code="b">firestone</subfield>
              <subfield code="c">Stacks</subfield>
              <subfield code="d">Q1 .S3543</subfield>
              <subfield code="e">available</subfield>
              <subfield code="f">650</subfield>
              <subfield code="g">0</subfield>
              <subfield code="j">stacks</subfield>
              <subfield code="k">0</subfield>
              <subfield code="p">1</subfield>
              <subfield code="q">Firestone Library</subfield>
              <subfield code="t">New ser., v. 23, no. 575 (Jan. 5, 1906)-v. 370, no. 6523 (Dec. 2020)</subfield>
              <subfield code="t"/>
              <subfield code="t"/>
              <subfield code="t"/>
            </datafield>
            <datafield ind1=" " ind2=" " tag="AVA">
              <subfield code="0">998574693506421</subfield>
              <subfield code="8">22579846030006421</subfield>
              <subfield code="a">01PRI_INST</subfield>
              <subfield code="b">lewis</subfield>
              <subfield code="c">Lewis Library - Serials (Off-Site)</subfield>
              <subfield code="d">8001.846</subfield>
              <subfield code="e">available</subfield>
              <subfield code="f">635</subfield>
              <subfield code="g">0</subfield>
              <subfield code="j">serial</subfield>
              <subfield code="k">8</subfield>
              <subfield code="p">2</subfield>
              <subfield code="q">Lewis Library</subfield>
              <subfield code="t">Vol. 3 (1884)-v. 7 (1886) ; new ser., v. 1, no. 1 (Jan. 4, 1895)-v. 360, no. 6391 (May 2018)</subfield>
              <subfield code="t">LACKS: v. 139; v. 351, no. 6273-76; v. 353, no. 6299; v. 356, no. 6333-6336</subfield>
              <subfield code="t"/>
              <subfield code="t"/>
              <subfield code="t"/>
            </datafield>
            <datafield ind1=" " ind2=" " tag="AVA">
              <subfield code="0">998574693506421</subfield>
              <subfield code="8">22579865170006421</subfield>
              <subfield code="a">01PRI_INST</subfield>
              <subfield code="b">recap</subfield>
              <subfield code="c">Remote Storage</subfield>
              <subfield code="d">Q1 .S35</subfield>
              <subfield code="e">available</subfield>
              <subfield code="f">160</subfield>
              <subfield code="g">0</subfield>
              <subfield code="j">pa</subfield>
              <subfield code="k">0</subfield>
              <subfield code="p">3</subfield>
              <subfield code="q">ReCAP</subfield>
              <subfield code="t">Vol. 167 (1970)-v. 266, no. 2065 (23 Dec. 1994)</subfield>
              <subfield code="t"/>
              <subfield code="t"/>
            </datafield>
            <datafield ind1=" " ind2=" " tag="AVA">
              <subfield code="0">998574693506421</subfield>
              <subfield code="8">22579848330006421</subfield>
              <subfield code="a">01PRI_INST</subfield>
              <subfield code="b">firestone</subfield>
              <subfield code="c">Remote Storage (ReCAP): Firestone Library Use Only</subfield>
              <subfield code="d">MICROFILM S01159</subfield>
              <subfield code="e">available</subfield>
              <subfield code="f">12</subfield>
              <subfield code="g">0</subfield>
              <subfield code="j">pf</subfield>
              <subfield code="k">8</subfield>
              <subfield code="p">4</subfield>
              <subfield code="q">Firestone Library</subfield>
              <subfield code="t">[Vol. 1], no. 1 (Feb. 9, 1883)-v. 23, no. 581 (Mar. 23, 1894); new ser., v. 1, no. 1 (Jan. 4, 1895)-v. 22, no. 574 (Dec. 29, 1905)</subfield>
              <subfield code="t"/>
              <subfield code="t"/>
              <subfield code="t"/>
            </datafield>
            <datafield ind1=" " ind2=" " tag="AVA">
              <subfield code="0">998574693506421</subfield>
              <subfield code="8">22579858590006421</subfield>
              <subfield code="a">01PRI_INST</subfield>
              <subfield code="b">lewis</subfield>
              <subfield code="c">Remote Storage (ReCAP): Lewis Library Use Only</subfield>
              <subfield code="d">8001.846</subfield>
              <subfield code="e">check_holdings</subfield>
              <subfield code="j">pn</subfield>
              <subfield code="k">8</subfield>
              <subfield code="p">5</subfield>
              <subfield code="q">Lewis Library</subfield>
              <subfield code="t">Vol. 91 (Jan. 1940)-v. 379, no. 6638 (24 Mar. 2023)</subfield>
              <subfield code="t"/>
              <subfield code="t"/>
              <subfield code="t"/>
            </datafield>
            <datafield ind1=" " ind2=" " tag="AVA">
              <subfield code="0">998574693506421</subfield>
              <subfield code="8">22902213980006421</subfield>
              <subfield code="a">01PRI_INST</subfield>
              <subfield code="b">recap</subfield>
              <subfield code="c">Remote Storage</subfield>
              <subfield code="d">8001.846</subfield>
              <subfield code="e">check_holdings</subfield>
              <subfield code="j">pa</subfield>
              <subfield code="k">8</subfield>
              <subfield code="p">6</subfield>
              <subfield code="q">ReCAP</subfield>
              <subfield code="t">Vol. 360, no. 6392 (June 2018)-v. 370, no. 6523 (18 Dec. 2020)</subfield>
              <subfield code="t"/>
              <subfield code="t"/>
              <subfield code="t"/>
            </datafield>
          </record>
        </recordData>
        <recordIdentifier>998574693506421</recordIdentifier>
        <recordPosition>1</recordPosition>
      </record>
    </records>
    <extraResponseData xmlns:xb="http://www.exlibris.com/repository/search/xmlbeans/">
      <xb:exact>true</xb:exact>
      <xb:responseDate>2023-09-05T14:25:47-0400</xb:responseDate>
    </extraResponseData>
  </searchRetrieveResponse>
